1605 2867
304 194 438 237 -lt-

33 309 72 365 gari
81 315 128 345 non
133 306 168 356 pot
169 303 293 352 rethorum
307 303 405 357 originem
416 314 456 346 non
471 306 510 344 tam
525 305 648 374 perspicuam
658 315 711 355 esse,

33 388 86 435 quam
101 369 186 418 illorum.
201 391 229 400 --
255 368 312 409 Licet
326 371 436 417 observare,
451 372 554 421 utrumque
566 383 677 423 pronomen
680 372 711 411 si-

32 438 119 480 miiiimae
128 434 203 475 formae
213 450 280 480 esse
280 436 395 483 Habemus
402 435 470 498 abif),
484 434 549 491 natm
542 435 620 498 (apud
628 438 712 478 Aethio·

31 516 64 560 pes
81 500 146 559 75:21³),
165 512 189 546 th
190 500 255 559 triph
273 504 320 563 ιῠζιιι
337 507 358 544 et
371 480 442 544 suftina
459 512 483 560 tq,
498 512 511 559 'i
515 483 620 557 praebent
632 505 710 553 literam

31 581 53 619 ος
66 570 157 609 literar
160 559 210 608 est
203 582 224 608 ιιι
238 578 270 629 aare
285 573 305 609 et
319 577 367 629 ,Ἶιιιι
380 569 472 623 (reliqui
475 569 560 609 Semitas
573 571 646 610 habent
659 579 713 621 man,

32 636 104 688 Coptae
114 618 170 684 anob,
180 633 266 689 nntct).,
284 635 351 688 ltaque
363 633 412 674 lieet
426 635 531 688 conjicere,
546 639 648 689 utrumque
661 649 709 689 pro-

30 714 98 743 nomen
116 702 140 750 ab
158 702 213 741 initio
231 714 290 741 unum
303 703 395 753 idemque
408 701 471 742 fuisse
485 705 505 741 et
519 700 547 741 er
557 703 632 742 duobus
646 703 710 743 coilo·-

30 799 129 853 quentihus
143 797 398 850 alterutrumsignificasse.
415 802 457 859 'naq
472 801 493 838 et
506 796 549 850 Syr.
563 782 608 851 Mb
622 793 710 841 eommoss

29 884 125 925 nefaciunt
137 884 192 924 verbi
205 891 257 947 πζιι,
271 881 326 937 cujus
335 883 383 924 Pual
393 884 489 938 significat
498 884 662 937 ncndcrefoctns
671 889 709 937 est,
736 933 739 939 s

29 952 109 1000 obvenit,
124 947 199 1005 obtigit,
215 955 235 991 et
248 949 285 991 Kal
299 950 418 1004 significasse
431 952 508 997 videtur
521 953 649 1004 tenspestions
655 954 708 1004 fnit,

29 1020 98 1057 obotom
104 1020 165 1067 serait,
174 1018 245 1056 obtulit
252 1031 280 1067 se,
288 1018 359 1064 adicit.
371 1013 707 1070 ltaquebaecpronominafortasse

28 1084 141 1125 denotarunt
154 1086 266 1136 utrumque,
287 1084 319 1137 qui
333 1083 389 1124 alteri
403 1083 480 1134 orons,
496 1096 604 1137 praesens,
618 1084 706 1135 obstansj

27 1152 118 1202 objectum
131 1156 179 1190 onte
192 1152 259 1190 oonloc
271 1152 348 1203 positos
362 1154 422 1189 esset.
451 1146 501 1189 Illud
514 1161 529 1192 ιι
542 1151 596 1203 quod
609 1152 661 1193 inest
674 1151 706 1191 ie-

26 1206 115 1258 mininaie
129 1230 174 1257 esse
186 1217 261 1269 potuis,
281 1217 308 1257 ita
325 1220 348 1258 ut
361 1225 399 1259 nan
413 1218 561 1270 proprieesset
574 1217 606 1257 vel
619 1220 719 1258 oocnrsr'o

26 1296 60 1336 per
73 1274 181 1336 assta‘pro
195 1286 294 1338 concreto,
309 1283 341 1323 vel
354 1283 375 1322 id
383 1282 436 1335 qnod
443 1283 540 1331 caconit,
554 1296 576 1323 se
585 1285 649 1336 offert.
676 1283 706 1323 De

25 1348 103 1400 litera:¹
117 1349 170 1402 quid·
179 1349 302 1389 statuendum
315 1349 341 1389 sit
348 1350 425 1398 neseio,
438 1349 522 1388 maxime
530 1348 550 1388 in
561 1350 615 1409 einp
642 1350 707 1390 Estne

24 1405 107 1457 fortasse
113 1416 200 1457 ocnorsr'o
208 1422 250 1467 too,
259 1417 276 1457 is
285 1416 319 1469 qni
323 1416 359 1457 tibi
366 1428 388 1456 se
393 1417 451 1470 offert
455 1417 468 1456 i.
474 1428 491 1457 e.
498 1417 550 1468 ego?
563 1416 623 1457 Certe
632 1418 706 1470 prono-

24 1496 67 1523 men
75 1484 150 1540 primae
157 1483 326 1536 personasserius
336 1482 424 1522 effictum
432 1495 477 1522 esse
486 1495 543 1535 quam
552 1484 661 1533 secundae,
669 1495 706 1523 ne·
747 1523 751 1539 y

24 1560 79 1588 cesse
92 1550 175 1596 videtur.
184 1572 210 1597 ὴ-
233 1550 264 1588 Ad
277 1549 330 1588 idem
344 1550 422 1591 verbum
437 1555 479 1608 πξιι
492 1549 551 1588 etiam
561 1550 705 1606 particularis,

23 1626 61 1654 non
75 1615 137 1654 solum
152 1628 185 1662 ea,
203 1627 253 1666 quae
267 1626 308 1652 nno
322 1627 377 1663 cnm,
395 1613 451 1666 opud
467 1615 574 1668 significat,
593 1615 629 1654 sed
645 1615 705 1656 etiam

23 1677 125 1721 adcusativi
145 1684 191 1721 nota
210 1680 302 1733 pertinet.
334 1679 383 1726 Nam
405 1690 518 1731 quumtrnn
532 1682 556 1719 id
574 1682 627 1732 quod
647 1682 705 1722 alteri

22 1749 115 1799 praesens
129 1750 160 1786 est
174 1750 194 1785 et
208 1747 304 1796 objectam
314 1747 439 1798 significaret,
452 1752 493 1785 non'
501 1746 565 1786 solum
574 1747 599 1785 de
608 1749 704 1787 societate

24 1817 134 1867 usurpatum
148 1817 191 1861 est,
205 1813 241 1852 sed
255 1813 314 1851 etiam
327 1813 353 1851 de
367 1811 441 1864 objecto
454 1813 559 1853 notionum.
586 1812 635 1853 Nam
646 1811 704 1866 obje-

23 1883 73 1920 ctum
87 1881 168 1920 actionis
182 1881 260 1920 omnino
275 1883 306 1919 est
319 1892 386 1927 comes
400 1882 421 1919 et
434 1880 499 1919 socius
509 1892 606 1931 personae
619 1880 704 1932 agentis,
721 1888 723 1892 ’

22 1945 128 1995 deteriores
141 1949 206 2001 partes
220 1958 291 2000 agens,
311 1945 363 1987 rrnde
377 1945 435 1985 etiam
449 1946 518 1994 verba,
532 1938 585 1998 quae
597 1954 660 2000 'ogere
675 1947 703 1988 si-

22 2015 118 2064 gnificant,
132 2007 176 2054 eum
190 2022 203 2062 ιι
218 2017 239 2053 et
253 2020 290 2062 ran
304 2016 442 2053 construuntur
456 2011 492 2066 (ef.
505 2016 593 2052 nostrum
605 2013 640 2056 mit
649 2014 702 2063 Sem.

21 2075 62 2122 bbei
76 2084 114 2120 etc.
128 2067 219 2134 utngrbin
238 2080 251 2118 i.
264 2092 281 2118 e.
296 2092 341 2118 eum
354 2079 434 2136 afficere
447 2080 499 2118 male
518 2078 571 2129 ete).
599 2079 702 2132 Eibeasus

21 2144 145 2188 Accusativus
163 2146 280 2187 Semitarnm
300 2140 378 2187 omnino
397 2144 476 2200 proprie
491 2156 595 2198 personam
614 2145 645 2186 vel
658 2159 701 2187 rem

20 2213 175 2263 circumstantem
188 2217 209 2254 et
222 2213 348 2257 comitantem
362 2214 460 2254 indicasse
478 2212 563 2262 videtur,
582 2203 702 2267 quapropter

21 2282 40 2318 et
53 2294 108 2321 casus
120 2280 237 2330 ¹adverbialis
250 2280 314 2320 faetus
328 2283 368 2340 est,¹
381 2284 402 2320 et
410 2280 462 2333 apud
469 2280 542 2319 Arabes
551 2279 622 2332 copula
629 2308 643 2342 J
655 2292 701 2329 eum

19 2352 136 2406 Accusatiro
148 2357 251 2411 conjuncta
264 2359 358 2406 vertenda
372 2361 403 2397 est
415 2370 452 2410 per
466 2370 515 2403 conr,
529 2368 570 2394 nno
584 2369 636 2407 cnm,
646 2358 702 2411 operi

20 2418 54 2477 (cf.
69 2415 126 2465 etiam
135 2424 196 2467 Hebr.
211 2436 219 2476 q
233 2425 245 2466 1
256 2423 307 2465 Sam.
319 2425 352 2473 14,
362 2424 401 2475 18„
415 2436 521 2479 quanquam
533 2421 621 2464 Hebraei
634 2438 700 2466 casum
733 2470 734 2474 ,

20 2493 146 2533 accusativum
160 2478 241 2533 externa
254 2492 317 2531 forma
328 2504 368 2532 non
379 2492 514 2545 distinguunt).
542 2491 586 2540 Quo
595 2493 701 2544 magisau-

19 2559 57 2597 tem
71 2559 133 2611 aliqua
147 2571 184 2597 vor
198 2560 221 2598 ab
236 2559 338 2611 originaria
352 2552 494 2611 significatione
506 2556 590 2606 recedit,
604 2570 628 2597 eo
639 2558 700 2609 magis

19 2622 75 2664 simul
89 2626 112 2665 ab
126 2624 189 2673 forma
203 2625 292 2677 originali
305 2624 388 2674 recedit,
402 2624 527 2676 quamobrem
540 2624 645 2663 accusativi
655 2626 701 2662 nota

19 2687 99 2751 formam
113 2693 152 2734 nir
166 2690 234 2741 induit.
262 2690 372 2745 Senioribus
385 2692 450 2749 tamen
464 2689 596 2744 temporibus,
613 2690 700 2737 ubilori-

552 2756 566 2798 2
